<?xml version="1.0" encoding="UTF-8"?>
<record xmlns="http://www.loc.gov/MARC21/slim">
   <leader>00947cam a22002775  4500</leader>
   <controlfield tag="001">2788275</controlfield>
   <controlfield tag="003">NjP</controlfield>
   <controlfield tag="005">20190705144929.0</controlfield>
   <controlfield tag="008">991122s1970    iq            000 0 ara d</controlfield>
   <datafield tag="024" ind1="7" ind2=" ">
      <subfield code="a">princeton_aco004469</subfield>
      <subfield code="2">local</subfield>
   </datafield>
   <datafield ind1=" " ind2=" " tag="040">
      <subfield code="a">PUL</subfield>
      <subfield code="c">PUL</subfield>
      <subfield code="d">PUL</subfield>
   </datafield>
   <datafield ind1=" " ind2=" " tag="035">
      <subfield code="9">CNJ7317TS</subfield>
   </datafield>
   <datafield ind1=" " ind2=" " tag="035">
      <subfield code="a">(NjP)2788275</subfield>
   </datafield>
   <datafield ind1=" " ind2=" " tag="049">
      <subfield code="a">PULL</subfield>
   </datafield>
   <datafield ind1=" " ind2=" " tag="035">
      <subfield code="a">(OCoLC)ocm42867136</subfield>
   </datafield>
   <datafield ind1="1" ind2=" " tag="110">
      <subfield code="a">Iraq.</subfield>
      <subfield code="0">http://id.loc.gov/authorities/names/n79077342</subfield>
   </datafield>
   <datafield ind1="1" ind2="0" tag="240">
      <subfield code="6">880-01</subfield>
      <subfield code="a">Dustūr (1970)</subfield>
   </datafield>
   <datafield ind1="0" ind2="3" tag="245">
      <subfield code="6">880-02</subfield>
      <subfield code="a">al-Dustūr al-muwaqqat.</subfield>
   </datafield>
   <datafield ind1=" " ind2=" " tag="260">
      <subfield code="6">880-03</subfield>
      <subfield code="a">Bagdad,</subfield>
      <subfield code="b">Wizārat al-Thaqāfah wa-al-Iʻlām, Mudīrīyat al-Iʻlām al-ʻĀmmah,</subfield>
      <subfield code="c">1970.</subfield>
   </datafield>
   <datafield ind1=" " ind2=" " tag="300">
      <subfield code="a">30 p.</subfield>
      <subfield code="c">14 cm.</subfield>
   </datafield>
   <datafield ind1=" " ind2=" " tag="546">
      <subfield code="a">In Arabic.</subfield>
   </datafield>
   <datafield ind1="1" ind2="0" tag="880">
      <subfield code="6">240-01/r</subfield>
      <subfield code="a">دستور (1970)</subfield>
   </datafield>
   <datafield ind1="0" ind2="2" tag="880">
      <subfield code="6">245-02/r</subfield>
      <subfield code="a">الدستور الموقة.</subfield>
   </datafield>
   <datafield ind1=" " ind2=" " tag="880">
      <subfield code="6">260-03/r</subfield>
      <subfield code="a">بغداد،</subfield>
      <subfield code="b">وزارة الثقافة والاعلام، مديرية الاعلام العامة،</subfield>
      <subfield code="c">1970.</subfield>
   </datafield>
   <datafield ind1=" " ind2=" " tag="911">
      <subfield code="a">20000130</subfield>
   </datafield>
   <datafield ind1=" " ind2=" " tag="994">
      <subfield code="a">C0</subfield>
      <subfield code="b">PUL</subfield>
   </datafield>
   <datafield ind1=" " ind2=" " tag="999">
      <subfield code="a">2788275</subfield>
   </datafield>
   <datafield ind1=" " ind2=" " tag="979">
      <subfield code="a">(OCoLC)ocn178697735</subfield>
   </datafield>
   <datafield ind1="8" ind2="0" tag="852">
      <subfield code="0">3099239</subfield>
      <subfield code="b">rcppa</subfield>
      <subfield code="t">1</subfield>
      <subfield code="h">2271.50456.331</subfield>
      <subfield code="x">tr fr f</subfield>
   </datafield>
   <datafield ind1=" " ind2=" " tag="959">
      <subfield code="a">2009-04-20 11:11:06 -0500</subfield>
   </datafield>
</record>
